@article{spectrum,
	author = {Leslie, Christina and Eskin, Eleazar and Noble, William},
	year = {2002},
	month = {02},
	pages = {564-75},
	title = {The Spectrum Kernel: A String Kernel for SVM Protein Classification},
	volume = {7},
	journal = {Pacific Symposium on Biocomputing},
	doi = {10.1142/9789812799623_0053}
}

@article{mismatch,
	author = {Leslie, Christina and Eskin, Eleazar and Cohen, Adiel and Weston, Jason and Noble, William},
	year = {2004},
	month = {04},
	pages = {467-76},
	title = {Mismatch String Kernels for Discriminative Protein Classification},
	volume = {20},
	journal = {Bioinformatics (Oxford, England)},
	doi = {10.1093/bioinformatics/btg431}
}